@manual{Endokrine,
  author = {DocCheck Flexikon},
  title = {Endokrine Orbitopathie},
  year = "2016",
  publisher = "Janina Barth",
  urldate = "2020-07-24",
  url = "https://flexikon.doccheck.com/de/Endokrine_Orbitopathie"
}