@manual{Mamma,
  author = {Dr. Jakob Keilbach},
  title = {DCIS – DUKTALES CARCINOMA IN SITU (KREBSVORSTUFE)},
  year = "2018",
  publisher = "Frauenärzte im Netz",
  urldate = "2018-06-13",
  url = "https://www.frauenaerzte-im-netz.de/erkrankungen/brusterkrankungen-gutartig/dcis-duktales-carcinoma-in-situ-krebsvorstufe/"
}