@manual{Rektum,
  author = {PD Dr. Dirk Jentschura},
  title = {Rektumkarzinom},
  publisher = "Oncology Guide",
  urldate = "2020-07-27",
  url = "https://www.oncology-guide.com/erkrankung/rektumkarzinom/"
}

@manual{ICRU,
  author = {Usha Kiran Kretschmar},
  title = {3D-konformale Bestrahlung der Brust - Evaluation der Dosis- und Volumenverteilung},
  year = "2007",
  publisher = "Heinrich-Heine-Universität Düsseldorf",
  urldate = "2020-06-26",
  url = "https://d-nb.info/989651673/34"
}

@manual{QUANTEC,
  author = "Dr. Waletzko",
  title = {Dosisgrenzwerte gem. QUANTEC für konventionell fraktionierte 3D-CRT},
  year = "2013",
  publisher = "Klinikum Dortmund gGmbH",
  url = "https://moodle.tu-dortmund.de/pluginfile.php/467358/mod_resource/content/1/QUANTEC_Toleranzdosen_KliDo.pdf"
}
