@book{HU,
  author = {Alkadhi and Leschka and Stolzmann and Scheffel},
  title = {Wie funktioniert CT?},
  publisher = "Springer Verlag",
  year = "2011"
}

@manual{Anleitung,
  publisher = {TU Dortmund},
  title = {TPS-Praktikum: Wasserphantome},
  year = "2020",
  url = "https://moodle.tu-dortmund.de/pluginfile.php/1245681/mod_resource/content/0/Wasserphantom.pdf"
}

@manual{grundlagen,
  publisher = {TU Dortmund},
  title = {TPS-Praktikum Grundlagen},
  url = "https://moodle.tu-dortmund.de/pluginfile.php/690510/mod_resource/content/1/TPS_Grundlagen.pdf"
}
