@manual{ICRU,
  author = {Usha Kiran Kretschmar},
  title = {3D-konformale Bestrahlung der Brust - Evaluation der Dosis- und Volumenverteilung},
  year = "2007",
  publisher = "Heinrich-Heine-Universität Düsseldorf",
  urldate = "2020-06-26",
  url = "https://d-nb.info/989651673/34"
}

@manual{grenz,
  title = {Risikoorganbewertung im DVH},
  year = "2020",
  publisher = "TU Dortmund",
  url = "https://moodle.tu-dortmund.de/pluginfile.php/1279289/mod_resource/content/1/Bewertung-DVH.pdf"
}

@manual{Glioblastom,
  author = {NetDoktor},
  title = {Glioblastom},
  year = "2016",
  publisher = "Dr. med. Ricarda Schwarz",
  urldate = "2020-07-24",
  url = "https://www.netdoktor.de/krankheiten/hirntumor/glioblastom/"
}