@manual{Endokrine,
  title = {MORBUS BASEDOW},
  year = "2020",
  publisher = "Schilddrüsenzentrum Köln",
  urldate = "2020-07-26",
  url = "https://www.schilddruesenzentrum-koeln.de/wissenswertes/erkrankungen-der-schilddruese/morbus-basedow"
}

@manual{ICRU,
  author = {Usha Kiran Kretschmar},
  title = {3D-konformale Bestrahlung der Brust - Evaluation der Dosis- und Volumenverteilung},
  year = "2007",
  publisher = "Heinrich-Heine-Universität Düsseldorf",
  urldate = "2020-06-26",
  url = "https://d-nb.info/989651673/34"
}

@manual{grenz,
  title = {Risikoorganbewertung im DVH},
  year = "2020",
  publisher = "TU Dortmund",
  url = "https://moodle.tu-dortmund.de/pluginfile.php/1279289/mod_resource/content/1/Bewertung-DVH.pdf"
}

@manual{QUANTEC,
  author = "Dr. Waletzko",
  title = {Dosisgrenzwerte gem. QUANTEC für konventionell fraktionierte 3D-CRT},
  year = "2013",
  publisher = "Klinikum Dortmund gGmbH",
  url = "https://moodle.tu-dortmund.de/pluginfile.php/467358/mod_resource/content/1/QUANTEC_Toleranzdosen_KliDo.pdf"
}
