@manual{Salvage,
  author = {Takeda Onkologie},
  title = {Salvage-Radiotherapie(SRT)},
  year = "2020",
  publisher = "Takeda Onkologie",
  urldate = "2020-08-19",
  url = "https://www.prostata.de/lexikon/salvage-radiotherapie-srt"
}

@manual{SRT,
  author = {W. Höltl, F.Sedlmayer},
  title = {Salvage-Therapie nach fehlgeschlagener kurativer Behandlung},
  year = "2012",
  publisher = "Journal für Urologie und Urogynäkologie",
  urldate = "2020-08-19",
  url = "https://www.kup.at/kup/pdf/10580.pdf"
}

@manual{Prostata,
  author = {Dr.med. Fabian Sinowalz, Carola Felchner},
  title = {Prostatakrebs},
  year = "2018",
  publisher = "Netdoktor",
  urldate = "2020-08-19",
  url = "https://www.netdoktor.de/krankheiten/prostatakrebs/"
}


