@manual{ICRU,
  author = {Usha Kiran Kretschmar},
  title = {3D-konformale Bestrahlung der Brust - Evaluation der Dosis- und Volumenverteilung},
  year = "2007",
  publisher = "Heinrich-Heine-Universität Düsseldorf",
  urldate = "2020-06-26",
  url = "https://d-nb.info/989651673/34"
}

@manual{kalkschulter,
  title = {Tendinitis calcarea – Kalkschulter},
  year = "2007",
  publisher = "Praxis Dr.med. R.Oetiker",
  urldate = "2020-07-10",
  url = "https://www.orthozentrum.ch/Portals/0/adam/Content/BfvW05g9e0GqdNMb0XDpGg/DocumentOrLink/Tendinitis%20calcarea.pdf"
}
