@manual{Salvage,
  author = {Takeda Onkologie},
  title = {Salvage-Radiotherapie(SRT)},
  year = "2020",
  publisher = "Takeda Onkologie",
  urldate = "2020-08-19",
  url = "https://www.prostata.de/lexikon/salvage-radiotherapie-srt"
}

@manual{Prostata,
  author = {Dr.med. Fabian Sinowalz, Carola Felchner},
  title = {Prostatakrebs},
  year = "2018",
  publisher = "Netdoktor",
  urldate = "2020-08-19",
  url = "https://www.netdoktor.de/krankheiten/prostatakrebs/"
}

@manual{ICRU,
  author = {Usha Kiran Kretschmar},
  title = {3D-konformale Bestrahlung der Brust - Evaluation der Dosis- und Volumenverteilung},
  year = "2007",
  publisher = "Heinrich-Heine-Universität Düsseldorf",
  urldate = "2020-06-26",
  url = "https://d-nb.info/989651673/34"
}

@manual{QUANTEC,
  author = "Dr. Waletzko",
  title = {Dosisgrenzwerte gem. QUANTEC für konventionell fraktionierte 3D-CRT},
  year = "2013",
  publisher = "Klinikum Dortmund gGmbH",
  url = "https://moodle.tu-dortmund.de/pluginfile.php/467358/mod_resource/content/1/QUANTEC_Toleranzdosen_KliDo.pdf"
}
