@manual{Mamma,
  author = {Dr. Jakob Keilbach},
  title = {DCIS – DUKTALES CARCINOMA IN SITU (KREBSVORSTUFE)},
  year = "2018",
  publisher = "Frauenärzte im Netz",
  urldate = "2020-08-15",
  url = "https://www.frauenaerzte-im-netz.de/erkrankungen/brusterkrankungen-gutartig/dcis-duktales-carcinoma-in-situ-krebsvorstufe/"
}

@manual{adjuvant,
  author = {Jens Kersten},
  title = {Adjuvant},
  year = "2018",
  urldate = "2020-08-15",
  url = "https://flexikon.doccheck.com/de/Adjuvant"
}

@manual{ICRU,
  author = {Usha Kiran Kretschmar},
  title = {3D-konformale Bestrahlung der Brust - Evaluation der Dosis- und Volumenverteilung},
  year = "2007",
  publisher = "Heinrich-Heine-Universität Düsseldorf",
  urldate = "2020-06-26",
  url = "https://d-nb.info/989651673/34"
}

@manual{grenz,
  title = {Risikoorganbewertung im DVH},
  year = "2020",
  publisher = "TU Dortmund",
  url = "https://moodle.tu-dortmund.de/pluginfile.php/1279289/mod_resource/content/1/Bewertung-DVH.pdf"
}
