@manual{ICRU,
  author = {Usha Kiran Kretschmar},
  title = {3D-konformale Bestrahlung der Brust - Evaluation der Dosis- und Volumenverteilung},
  year = "2007",
  publisher = "Heinrich-Heine-Universität Düsseldorf",
  urldate = "2020-06-26",
  url = "https://d-nb.info/989651673/34"
}
